% This file was created with Citavi 6.4.0.35

@misc{Alebrand.,
 author = {Alebrand, Sabine},
 title = {Skript zur Vorlesung \textit{Optik}, Sommersemester 2020},
 keywords = {Optik},
 institutions = {Hochschule RheinMain}
}


@misc{Dorr.,
 author = {D\"orr, Alexander},
 title = {Skript zur Vorlesung \textit{Messdatenerfassung}, Sommersemester 2020},
 keywords = {Optik},
 institutions = {Hochschule RheinMain}
}


@book{Haberle.2007,
 author = {H\"aberle, Gregor D.},
 year = {2007},
 title = {Tabellenbuch Elektrotechnik: Tabellen, Formeln, Normenanwendung},
 address = {Haan-Gruiten},
 edition = {22. neu bearb. und erw. Aufl.},
 publisher = {Europa-Lehrmittel},
 isbn = {978-3-8085-3218-8},
 series = {Europa-Fachbuchreihe f\"ur elektrotechnische, elektronische und informationstechnische Berufe},
 file = {http://d-nb.info/98563037X/04},
 file = {http://deposit.d-nb.de/cgi-bin/dokserv?id=3002621&prov=M&dok_var=1&dok_ext=htm}
}


@book{Halliday.2005,
 year = {2005},
 title = {Physik},
 price = {EUR 69.00},
 address = {Weinheim},
 edition = {1. korr. Nachdr},
 publisher = {Wiley-VCH},
 isbn = {3-527-40366-3},
 editor = {Halliday, David and Resnick, Robert and Walker, Jearl and Koch, Stephan W.},
 file = {https://external.dandelon.com/download/attachments/dandelon/ids/DE001E6C55C96A03902EDC1257157004A86BC.pdf}
}


@misc{PHYWESystemeGmbHundCo.KG.,
 author = {PHYWE Systeme GmbH und Co. KG},
 title = {Hall-Effekt-Modul 11801-00},
 url = {http://www.phywe-es.com/index.php/fuseaction/download/lrn_file/bedanl.pdf/11801.00/d/1180100d.pdf},
 keywords = {Optik},
 urldate = {24. Oktober 2020}
}


@misc{Unbekannt,
 author = {Unbekannt},
 title = {Elektrische und magnetische Bauelemente der Physikalischen Technik: Skript zur Vorlesung ``Elektrische und magnetische Bauelemente'', Sommersemester 2020},
 institution = {Hochschule RheinMain}
}